% Encoding: windows-1250

@ELECTRONIC{Herout-Abstract,
  author = {Adam Herout},
  month = {Dec},
  year = {2013},
  title = {Jak ps\'{a}t abstrakt},
  language = {CZ},
  howpublished = {blogpost (czech)},
  note = {\url{http://www.herout.net/blog/2013/12/jak-psat-abstrakt/}},
  url = {http://www.herout.net/blog/2013/12/jak-psat-abstrakt/},
  owner = {Herout},
  timestamp = {2015.01.20}
}

@Electronic{Herout-Comics,
  author       = {Adam Herout},
  title        = {Diplomka / Comics Edition},
  year         = {2013},
  language     = {CZ},
  note         = {\url{http://www.herout.net/blog/2013/03/diplomka-comics-edition/}},
  month        = {March},
  howpublished = {blogpost (czech)},
  owner        = {Herout},
  timestamp    = {2015.01.20},
}

@BOOK{Lebrun2011,
  title = {Scientific Writing 2.0: a reader and writer's guide},
  publisher = {World Scientific Publishing},
  year = {2011},
  author = {Jean-Luc Lebrun},
  note = {ISBN: 9814350605},
  owner = {herout},
  timestamp = {2015.01.20}
}

@Comment{jabref-meta: databaseType:biblatex;}
