    @BOOK{Pravidla,
      author =       "Zdeněk Hlavsa and others",
      title =        "{\it Pravidla českého pravopisu}",
      publisher =    "Academia",
      year =         "2005",
      isbn =         "80-200-1327-X",
    }
